@MISC{2024ivoa.note.heig,
       author = {{Servillat}, M. and {Boisson}, C. and {Bonnarel}, F. and {Cresitello-Dittmar}, M. and {Cristofari}, P. and {Evans}, I. and {Evans}, J. and {Fuessling}, M. and {Jaffe}, T. and {Kh√©lifi}, B. and {Kosack}, K. and {Louys}, M. and {Michel}, L. and {Nebot}, A. and {Schnabel}, J. and {Schussler}, F. and {the HE discussion group at IVOA}},
        title = "{Virtual Observatory and High Energy Astrophysics Version 1.0}",
 howpublished = {IVOA Note 12 November 2024},
         year = 2024,
        month = nov,
          url = {https://www.ivoa.net/documents/Notes/VOHE/20241112/index.html},
}